
@PREAMBLE{ {\providecommand{\noopsort}[1]{}} }


@article{A*,
author={Hart P, Nilsson N., Raphael B},
title={A Formal Basis for the Heuristic Determination of Minimum Cost Paths},
journal={ IEEE Trans. Syst. Science and Cybernetics},
year=1968
}

@article{original_D_star,
author={Stentz Anthony},
title={Optimal and Efficient Path Planning for Partially-Known Environments},
journal={Proceedings of the International Conference on Robotics and Automation},
year=1994
}

@article{focused_D_star,
author={Stentz Anthony},
title={The Focussed D* Algorithm for Real-Time Replanning},
journal={Proceedings of the International Joint Conference on Artificial Intelligence},
year=1995
}

@article{D_star_lite,
author = {Koenig S. Likhachev M.},
title = {Fast Replanning for Navigation in Unknown Terrain},
journal = {Transactions on Robotics},
year=2005
}

@article{LPA*,
author = {Koenig S. Likhachev M. Furcy D.},
title = {Lifelong Planning A*},
journal = {Artificial Intelligence},
year=2004
}

@article{GA*,
author = {Yichao Zhou and Jianyang Zeng},
title = {Massively Parallel A* Search on a GPU},
journal = {Twenty-Ninth AAAI Conference on Artificial Intelligence},
year=2015
}

@article{diff_csr,
author = {Gaurav Malhotra, Hitish Chappidi, Rupesh Nasre},
title = {Fast Dynamic Graph Algorithms},
journal = {},
year=2016
}

@article{SPP,
author = {Ramalingam G. , Reps T. },
title = {An incremental algorithm for a generalization of the shortest-path problem},
journal = {Journal of Algorithms},
year=1996
}

@article{PF,
author = {Koenig S. Smirnov Y. Tovey C.},
title = {Performance Bounds for Planning in Unknown Terrain},
journal = {Artificial Intelligence},
year=2003
}


@book{WSN2011,
author = {K. Rana and M. Zaveri},
title = {A-star algorithm for energy efficient routing in wireless sensor network},
series={Trends in Network and Communications},
publisher= {Springer},
year=2011
}

@article{WSN2014,
author = {Ali Ghaffari},
title = {An Energy Efficient Routing Protocol for Wireless Sensor Networks using A-star Algorithm},
journal = {Journal of applied research and technology},
year=2014
}

@article{WSNfuzzy,
author = {I. S. AlShawi and L. Yan and W. Pan and B. Lu},
title = {Lifetime enhancement in wireless sensor networks using fuzzy approach and A-star algorithm},
journal = {Sensors Journal, IEEE},
year=2012,
volume= "12"
}

@article{SPIN-EC,
author = {Kulik, W.R. Heinzelman, H. Balakrishnan},
title = {Negotiationâ€“Based Protocols for Disseminating Information in Wireless Sensor Networks},
journal = {Wireless Networks},
year=2002,
volume= "8"
}

@article{LNDIR,
author = {Muhammad K Shahzad, Dang Tu Nguyen, Vyacheslav Zalyubovskiy},
title = {LNDIR: A lightweight non-increasing delivery-latency interval-based routing for duty-cycled sensor networks},
journal = {International Journal of Distributed Sensor Networks},
year=2018,
volume= "14(4)"
}

@article{WSN_energy,
author = {W. R. Heinzelman, A. Chandrakasan, and H.Balakrishnan},
title = {Energy-efficient communication protocol for wireless micro sensor networks},
journal = {System Sciences, Proceedings of the 33rd Annual Haw International Conference},
year=2000
}

@online{dynamic_graph_pdf,
    author = "Giuseppe F. Italiano",
    title = "Dynamic Graphs",
    url  = "http://www-cs-faculty.stanford.edu/~uno/abcde.html",
}

@misc{wiki_a_star,
author = {{\noopsort{zzz-example}}{Wikipedia A* Algorithm}},
 howpublished = {\url{https://en.wikipedia.org/wiki/A*_search_algorithm}}
}

@misc{wiki_d_star,
author = {{\noopsort{zzz-example}}{Wikipedia D* Algorithm}},
 howpublished = {\url{https://en.wikipedia.org/wiki/D*}}
}

@misc{SNAP,
    author       = {Jure Leskovec and Andrej Krevl},
    title        = {{SNAP Datasets}: {Stanford} Large Network Dataset Collection},
    howpublished = {\url{http://snap.stanford.edu/data}},
    month        = jun,
    year         = 2014
 }
